@article{Siroky2011,
	author = {J. Siroky and F. Oldewurtel and J. Cigler and S. Privara},
	title = {{Experimental Analysis of Model Predictive Control for an Energy Efficient Building Heating System}},
	journal = {Applied Energy},
	year = {2011},
	volume = {88},
	number = {},
	pages = {3079--3087},
	month=apr,
	url = {http://control.ee.ethz.ch/index.cgi?page=publications;action=details;id=3818}
}

@article{Ma2012, 
	author = {Ma, Yudong and Borrelli, F. and Hencey, B. and Coffey, B. and Bengea, S. and Haves, P.}, 
	journal = {Control Systems Technology, IEEE Transactions on}, 
	title = {Model Predictive Control for the Operation of Building Cooling Systems}, 
	year = {2012}, 
	volume = {20}, 
	number = {3}, 
	pages = {796-803}, 
	doi = {10.1109/TCST.2011.2124461}, 
	ISSN = {1063-6536}
}

@techreport{Gyalistras2010,
	author = {D. Gyalistras and M. Gwerder},
	title = {{Use of weather and occupancy forecasts for optimal building climate control (OptiControl): Two Years Progress Report – Main Report}},
	institution = {},
	year = {2010},
	number = {},
	address = {Terrestrial Systems Ecology ETH Zurich R\&D HVAC Products, Building Technologies Division, Siemens Switzerland Ltd., Zug, Switzerland},
	url = {http://control.ee.ethz.ch/index.cgi?page=publications;action=details;id=4001}
}

@INPROCEEDINGS{DiRuscio97, 
	author = {Di Ruscio, D.D.}, 
	booktitle = {Decision and Control, 1997., Proceedings of the 36th IEEE Conference on}, 
	title = {Model predictive control and identification: a linear state space model approach}, 
	year = {1997}, 
	volume = {4}, 
	pages = {3202-3209 vol.4}, 
	doi = {10.1109/CDC.1997.652336}, 
	ISSN = {0191-2216}
}

@ARTICLE{Luo06, 
	author = {Luo, Zhi-Quan and Yu, Wei}, 
	journal = {Selected Areas in Communications, IEEE Journal on}, 
	title = {An introduction to convex optimization for communications and signal processing}, 
	year = {2006}, 
	volume = {24}, 
	number = {8}, 
	pages = {1426-1438}, 
	doi = {10.1109/JSAC.2006.879347}, 
	ISSN = {0733-8716}
}

@book{Boyd04,
	Author = {Stephen Boyd and Lieven Vandenberghe},
	Title = {Convex Optimization},
	Publisher = {Cambridge University Press},
	Year = {2004},
	ISBN = {0521833787},
}

@article{Allgower2004,
	title = {Nonlinear model predictive control: From theory to application},
	author = {Allgöwer, Frank and Findeisen, Rolf and Nagy, Zoltan K},
	journal = {CHINESE INSTITUTE OF CHEMICAL ENGINEERS},
	volume = {35},
	number = {3},
	pages = {299-316},
	year = {2004},
	publisher = {CHINESE INST CHEM ENGINEERS}
}

@inproceedings{Kang13,
	author = {Zhengjian Kang and Wong, E.K.}, 
	booktitle = {Image Processing (ICIP), 2013 20th IEEE International Conference on}, 
	title = {A novel method for object tracking and segmentation using online Hough forests and convex relaxation}, 
	year = {2013}, 
	month = {Sept}, 
	pages = {3870-3874}, 
	doi = {10.1109/ICIP.2013.6738797}
}

@inproceedings{Lou13, 
	author = {Xin Lou and Chee Wei Tan}, 
	booktitle = {Smart Grid Communications (SmartGridComm), 2013 IEEE International Conference on}, 
	title = {Convex relaxation and decomposition in large resistive power networks with energy storage}, 
	year = {2013}, 
	month = {Oct}, 
	pages = {642-647}, 
	doi = {10.1109/SmartGridComm.2013.6688031}
}

@inproceedings{Low13, 
	author = {Low, S.H.}, 
	booktitle = {Bulk Power System Dynamics and Control - IX Optimization, Security and Control of the Emerging Power Grid (IREP), 2013 IREP Symposium}, 
	title = {Convex relaxation of optimal power flow: A tutorial}, 
	year = {2013}, 
	month = {Aug}, 
	pages = {1-15},
	doi = {10.1109/IREP.2013.6629391}
}

@inproceedings{Meche03, 
	author = {van der Meché, E. and Bosgra, O.}, 
	booktitle = {American Control Conference, 2003. Proceedings of the 2003}, 
	title = {A convex relaxation approach to multivariable state-space frequency response approximation}, 
	year = {2003}, 
	month = {June}, 
	volume = {6}, 
	pages = {5274-5279 vol.6},
	doi = {10.1109/ACC.2003.1242565}, 
	ISSN = {0743-1619}
}

@inproceedings{Ekim10, 
	author = {Oğuz-Ekim, P. and Gomes, J. and Xavier, J. and Oliveira, P.}, 
	booktitle = {Acoustics Speech and Signal Processing (ICASSP), 2010 IEEE International Conference on}, 
	title = {A convex relaxation for approximate maximum-likelihood 2D source localization from range measurements}, 
	year = {2010}, 
	month = {March}, 
	pages = {2698-2701},
	doi = {10.1109/ICASSP.2010.5496240}, 
	ISSN = {1520-6149}
}

@inproceedings{DuffBradnum13, 
	author = {Duff, C.A. and Bradnum, C.}, 
	booktitle = {Domestic Use of Energy Conference (DUE), 2013 Proceedings of the 21st}, 
	title = {Design of a domestic water heating system to save water and electricity}, 
	year = {2013}, 
	month = {April}, 
	pages = {1-6},
}

@article{Honey65, 
	author = {Honey, Philip}, 
	journal = {Electrical Engineers, Proceedings of the Institution of}, 
	title = {Electric water-heating development}, 
	year = {1965}, 
	month = {October}, 
	volume = {112}, 
	number = {10}, 
	pages = {1951-1961}, 
	doi = {10.1049/piee.1965.0320}, 
	ISSN = {0020-3270}
}

@book{Camacho04,
	title = {Model Predictive Control},
	author = {Camacho, E.F. and Bordons, C.},
	isbn = {9781852336943},
	lccn = {2003070755},
	series = {Advanced Textbooks in Control and Signal Processing},
	url = {http://books.google.com.au/books?id=Sc1H3f3E8CQC},
	year = {2004},
	publisher = {Springer London}
}

@inproceedings{Zeng08,
	author = {Jing Zeng and Ding-Yu Xue and De-Cheng Yuan},
	booktitle = {Natural Computation, 2008. ICNC `08. Fourth International Conference on},
	title = {Research and Development Trend of Distributed MPC},
	year = {2008},
	month = {Oct},
	volume = {4},
	pages = {417-421},
	doi = {10.1109/ICNC.2008.846}
}

@inproceedings{Jalali06,
	author = {Jalali, Ali A. and Nadimi, V.},
	booktitle = {Computational Intelligence for Modelling, Control and Automation, 2006 and International Conference on Intelligent Agents, Web Technologies and Internet Commerce, International Conference on},
	title = {A Survey on Robust Model Predictive Control from 1999-2006},
	year = {2006},
	month = {Nov},
	pages = {207-207},
	doi = {10.1109/CIMCA.2006.29}
}

@online{CER13,
	author = {Australian Government Clean Energy Regulator},
	title = {What is an STC},
	month = may,
	year = {2013},
	url = {http://ret.cleanenergyregulator.gov.au/Certificates/Small-scale-Technology-Certificates/what-is-stc}
}
